
@InProceedings{Author08CVPR,
  author =       {First Author and Second Author},
  title =        {{Title of Conference Paper}},
  booktitle =    {CVPR},
  year =         {2008},
  OPTnote =      {},
  OPTannote =    {}
}

@Article{Author04IJCV,
  author =       {First Author and Second Author},
  title =        {{Title of Journal Paper}},
  journal =      {IJCV},
  year =         {2004},
  volume =       {69},
  OPTnumber =    {},
  pages =        {221--255},
  OPTmonth =     {},
  OPTnote =      {},
  OPTannote =    {},
}

@misc{xkcd,
author = {Randall Munroe},
title = {Fourier},
howpublished = {\url{https://xkcd.com/26/}},
note = {URL retrieved 15.07.2020},
year = {2020}
}